%  no longer resolving 2012-12-04
%  howpublished = {\url{http://java.sun.com/developer/onlineTraining/protocolhandlers/}},
@Misc{maso2000,
  author =    {Maso, Brian},
  title =     {A New Era for {Java} Protocol Handlers},
  howpublished = {\url{http://docslide.us/documents/java-protocol-handler.html}},
  month =     aug,
  year =      2000,
  note =      {Last accessed Oct 2, 2016}
  }

@Misc{quicklisp,
  author =       {Beane, Zach},
  title =        {Quicklisp},
  howpublished = {\url{http://www.quicklisp.org/}},
  note =         {Last accessed Jan 25, 2012}}


@Misc{asdf,
  author =       {Rideau, Fran\c{c}ois-Ren\'{e} and  Barlow, Daniel and Rhodes, Christopher and King, Garry},
  title =        {ASDF},
  howpublished = {\url{http://common-lisp.net/project/asdf/}},
  note =         {Last accessed Feb 5, 2012}}

@Misc{rfc3986,
  author =       {Berners-Lee, Tim and Fielding, Roy and Masinter, Larry},
  title =        {RFC 3986:  URI Generic Syntax},
  year =         {2005},
  howpublished = {\url{http://www.ietf.org/rfc/rfc3986.txt}},
  note =         {Last accessed Feb 5, 2012}}

@inproceedings{Rhodes2007,
 author = {Rhodes, Christophe},
 title = {User-extensible sequences in {Common Lisp}},
 booktitle = {Proceedings of the 2007 International Lisp Conference},
 year = {2009},
 isbn = {978-1-59593-618-9},
 location = {Cambridge, United Kingdom},
 pages = {13:1--13:14},
 articleno = {13},
 numpages = {14},
 url = {http://doi.acm.org/10.1145/1622123.1622138},
 doi = {http://doi.acm.org/10.1145/1622123.1622138},
 acmid = {1622138},
 publisher = {ACM},
 note = {Also available at
                  \url{http://doc.gold.ac.uk/~mas01cr/papers/ilc2007/sequences-20070301.pdf}}
}                   
 @Comment series = {ILC '07},
 @Comment address = {New York, NY, USA},

@Book{AMOP,
  author =    {Kiczales, Gregor and des Rivières, Jim and Bobrow, Daniel G.},
  title =        {The Art of the Metaobject Protocol},
  publisher =    {MIT Press},
  year =         {1991},
}

@Misc{CLHS,
  key =       {CLHS},
  author =    {Pitman, Kent and others},
  title =     {{Common Lisp HyperSpec}},
  howpublished = {\url{http://www.lispworks.com/documentation/HyperSpec/Front/index.htm}},
  year =      1996,
  note =      {Last accessed Feb 4, 2012},
}

@Misc{AMOPspec,
  key =       {AMOP},
  author =    {Kiczales, Gregor and des Rivières, Jim and Bobrow, Daniel G.},
  title =     {{The Common Lisp Object System} MetaObject Protocol},
  howpublished = {\url{http://www.alu.org/mop/index.html}},
  year =      1997,
  note =      {Last accessed Feb 4, 2012},
}

@Misc{slime,
  key =       {slime},
  title =     {{SLIME: The Superior Lisp Interaction Mode for Emacs}},
  howpublished = {\url{http://common-lisp.net/project/slime/}},
  note =      {Last accessed Feb 4, 2012},
}

@TechReport{jsr-223,
  author =       {Grogan,Mike},
  title =        {Scripting for the {Java} Platform},
  institution =  {Sun Microsystems, Inc.},
  year =         2006,
  type =      {Final Draft Specification},
  number =    {JSR-223},
  note =      {\url{http://jcp.org/aboutJava/communityprocess/final/jsr223/index.html}},
}


@Misc{uri-pathname,
  key =       {evenson2011},
  author = {Evenson, Mark},
  title =     {Unpublished draft of {An Implementation and Analysis of Adding IRI to Common Lisp's Pathname}},
  howpublished = {\url{https://github.com/easye/abcl/blob/master/doc/design/pathnames/url-pathnames.mark}},
  year =  {2011},
  note =      {Last accessed Oct 2, 2016},
}

@Misc{closer-mop,
  key =       {closer-mop},
  author = { Costanza.Pascal},
  title =     { Closer to MOP is a compatibility layer that rectifies many of the absent or incorrect CLOS MOP features across a broad range of Common Lisp implementations.},
  howpublished = {\url{https://github.com/pcostanza/closer-mop}},
  year =  {2011},
  note =      {Last accessed Oct 2, 2016},
}

@Misc{lea-1998,
  key = {lea-1998},
  author ={Doug Lea},
  title = "Overview of package util.concurrent Release 1.3.4.",
  howpublished = {\url{http://gee.cs.oswego.edu/dl/classes/EDU/oswego/cs/dl/util/concurrent/intro.html}},
  year = {1998},
  note = {Last accessed Oct 2, 2016},
  }
